@article{Einstein1905,
  title={Sull'elettrodinamica dei corpi in movimento},
  author={A. Einstein},
  journal={Annalen der Physik},
  volume={17},
  pages={891--921},
  year={1905},
  note={Traduzione di S. Antoci}
}

@book{Landau,
  author = {Lev D. Landau,Evgenij M. Lif≈°its},
  year = {1976},
  title = {Fisica teorica 2},
  publisher = {Editori Riuniti}
}

@book{Fock,
  author = {V. Fock},
  year = {1964},
  title = {The Theory of Space, Time and Gravitation},
  publisher = {Pergamon}
}